<record><leader>00000cas a2200000Ma 4500</leader><controlfield tag="001">11076457</controlfield><controlfield tag="008">840821d18431851nhuwr ne      0    0eng d</controlfield><datafield ind1=" " ind2=" " tag="010"><subfield code="a">sn 84037857 </subfield></datafield><datafield ind1=" " ind2=" " tag="040"><subfield code="a">AQM</subfield><subfield code="b">eng</subfield><subfield code="c">AQM</subfield><subfield code="d">KRTAS</subfield><subfield code="d">OCLCQ</subfield></datafield><datafield ind1="0" ind2=" " tag="130"><subfield code="a">Oasis (Nashua, N.H. : 1843)</subfield></datafield><datafield ind1="1" ind2="4" tag="245"><subfield code="a">The oasis.</subfield></datafield><datafield ind1=" " ind2=" " tag="260"><subfield code="a">Nashua and Nashville, N.H. :</subfield><subfield code="b">Murray &amp; Sawtell,</subfield><subfield code="c">-1851.</subfield></datafield><datafield ind1=" " ind2=" " tag="300"><subfield code="a">v. :</subfield><subfield code="b">ill. (chiefly advertisements) ;</subfield><subfield code="c">52 cm.</subfield></datafield><datafield ind1=" " ind2=" " tag="310"><subfield code="a">Weekly</subfield></datafield><datafield ind1="0" ind2=" " tag="362"><subfield code="a">-v. 9, no. 26 (June 25, 1851).</subfield></datafield><datafield ind1="1" ind2=" " tag="362"><subfield code="a">Began with Jan. 4, 1843 issue; ceased in June 1851.</subfield><subfield code="z">Cf. NIM.</subfield></datafield><datafield ind1=" " ind2=" " tag="500"><subfield code="a">Entire title appears within title ornament.</subfield></datafield><datafield ind1=" " ind2=" " tag="500"><subfield code="a">Publishers: Kimball &amp; Dodge, 1849-1851; Dodge &amp; Noyes, 1851.</subfield></datafield><datafield ind1=" " ind2=" " tag="588"><subfield code="a">Description based on: Vol. 1, no. 3 (Jan. 18, 1843).</subfield></datafield><datafield ind1=" " ind2="7" tag="655"><subfield code="a">Newspapers.</subfield><subfield code="2">rbgenr</subfield></datafield><datafield ind1=" " ind2=" " tag="752"><subfield code="a">United States</subfield><subfield code="b">New Hampshire</subfield><subfield code="c">Hillsborough</subfield><subfield code="d">Nashua.</subfield></datafield><datafield ind1=" " ind2=" " tag="752"><subfield code="a">United States</subfield><subfield code="b">New Hampshire</subfield><subfield code="c">Hillsboro</subfield><subfield code="d">Nashua.</subfield></datafield><datafield ind1=" " ind2=" " tag="752"><subfield code="a">United States</subfield><subfield code="b">New Hampshire</subfield><subfield code="c">Hillsboro</subfield><subfield code="d">Nashville.</subfield></datafield><datafield ind1="0" ind2="0" tag="785"><subfield code="t">Nashua and Nashville oasis</subfield><subfield code="w">(DLC)sn 84037858</subfield></datafield><datafield ind1=" " ind2=" " tag="938"><subfield code="a">Kirtas Technologies, Inc.</subfield><subfield code="b">KRTS</subfield><subfield code="n">738734</subfield></datafield></record>